<record><leader>00000cas a2200000 a 4500</leader><controlfield tag="001">9463860</controlfield><controlfield tag="008">830429d18621886ohudn ne      0   a0eng c</controlfield><datafield ind1=" " ind2=" " tag="010"><subfield code="a">sn 83045423 </subfield></datafield><datafield ind1=" " ind2=" " tag="040"><subfield code="a">CRL</subfield><subfield code="b">eng</subfield><subfield code="c">CRL</subfield><subfield code="d">NPW</subfield><subfield code="d">NPV</subfield><subfield code="d">NPX</subfield><subfield code="d">DLC</subfield><subfield code="d">NPU</subfield><subfield code="d">ONP</subfield><subfield code="d">MGN</subfield><subfield code="d">NVF</subfield><subfield code="d">CRL</subfield><subfield code="d">OCL</subfield><subfield code="d">CVF</subfield><subfield code="d">DLC</subfield><subfield code="d">OCLCG</subfield><subfield code="d">DLC</subfield><subfield code="d">OCLCQ</subfield><subfield code="d">OCLCF</subfield></datafield><datafield ind1=" " ind2=" " tag="042"><subfield code="a">pcc</subfield></datafield><datafield ind1=" " ind2=" " tag="043"><subfield code="a">n-us-oh</subfield></datafield><datafield ind1="0" ind2="0" tag="050"><subfield code="a">Newspaper</subfield></datafield><datafield ind1="0" ind2=" " tag="130"><subfield code="a">Toledo daily blade (Toledo, Ohio : 1862)</subfield></datafield><datafield ind1="1" ind2="0" tag="245"><subfield code="a">Toledo daily blade.</subfield></datafield><datafield ind1=" " ind2=" " tag="260"><subfield code="a">Toledo [Ohio] :</subfield><subfield code="b">Pelton &amp; Waggoner,</subfield><subfield code="c">1862-1886.</subfield></datafield><datafield ind1=" " ind2=" " tag="300"><subfield code="a">25 v. :</subfield><subfield code="b">ill. (chiefly advertisements) ;</subfield><subfield code="c">60-73 cm.</subfield></datafield><datafield ind1=" " ind2=" " tag="310"><subfield code="a">Daily (except Sunday)</subfield></datafield><datafield ind1="0" ind2=" " tag="362"><subfield code="a">Vol. 15, no. 125 (May 27, 1862)-v. 39, no. 14 (Mar. 23, 1886).</subfield></datafield><datafield ind1=" " ind2=" " tag="500"><subfield code="a">The word "daily" appears in title ornament.</subfield></datafield><datafield ind1=" " ind2=" " tag="530"><subfield code="a">Also issued on microfilm from Library of Congress Photoduplication Service.</subfield></datafield><datafield ind1=" " ind2=" " tag="580"><subfield code="a">Triweekly ed.: Toledo blade (Toledo, Ohio : 1846), 1862-&lt;1876&gt;</subfield></datafield><datafield ind1=" " ind2=" " tag="580"><subfield code="a">Weekly ed.: Toledo weekly blade, &lt;1865&gt;-1886.</subfield></datafield><datafield ind1=" " ind2="0" tag="651"><subfield code="a">Toledo (Ohio)</subfield><subfield code="v">Newspapers.</subfield></datafield><datafield ind1=" " ind2="7" tag="655"><subfield code="a">Newspapers.</subfield><subfield code="2">fast</subfield><subfield code="0">(OCoLC)fst01423814</subfield></datafield><datafield ind1=" " ind2="7" tag="651"><subfield code="a">Ohio</subfield><subfield code="z">Toledo.</subfield><subfield code="2">fast</subfield><subfield code="0">(OCoLC)fst01211740</subfield></datafield><datafield ind1="1" ind2=" " tag="700"><subfield code="a">Locke, David Ross,</subfield><subfield code="d">1833-1888.</subfield></datafield><datafield ind1=" " ind2=" " tag="752"><subfield code="a">United States</subfield><subfield code="b">Ohio</subfield><subfield code="c">Lucas</subfield><subfield code="d">Toledo.</subfield></datafield><datafield ind1="1" ind2=" " tag="775"><subfield code="t">Toledo blade (Toledo, Ohio : 1846)</subfield><subfield code="w">(DLC)sn 85026284</subfield><subfield code="w">(OCoLC)12141992</subfield></datafield><datafield ind1="1" ind2=" " tag="775"><subfield code="t">Toledo weekly blade</subfield><subfield code="w">(DLC)sn 85026290</subfield><subfield code="w">(OCoLC)12142390</subfield></datafield><datafield ind1="0" ind2="0" tag="780"><subfield code="t">Daily Toledo blade</subfield><subfield code="w">(DLC)sn 85026286</subfield><subfield code="w">(OCoLC)12141952</subfield></datafield><datafield ind1="0" ind2="0" tag="785"><subfield code="t">Toledo blade (Toledo, Ohio : 1886)</subfield><subfield code="w">(DLC)sn 86071000</subfield><subfield code="w">(OCoLC)12962635</subfield></datafield></record>